{
  "leader": "02121cam a22004931i 4500",
  "fields": [
    {
      "001": "ocm01068695\\"
    },
    {
      "003": "OCoLC"
    },
    {
      "005": "20220105095751.0"
    },
    {
      "008": "741106s1952\\\\\\\\nyua\\\\\\\\\\b\\\\\\\\000\\0\\eng\\\\"
    },
    {
      "010": {
        "ind1": "\\",
        "ind2": "\\",
        "subfields": [
          {
            "a": "   52007075 "
          }
        ]
      }
    },
    {
      "040": {
        "ind1": "\\",
        "ind2": "\\",
        "subfields": [
          {
            "a": "DLC"
          },
          {
            "b": "eng"
          },
          {
            "c": "OSU"
          },
          {
            "d": "DLC"
          },
          {
            "d": "BUF"
          },
          {
            "d": "BTCTA"
          },
          {
            "d": "HIN"
          },
          {
            "d": "UKMGB"
          },
          {
            "d": "OCLCO"
          },
          {
            "d": "OCLCA"
          },
          {
            "d": "OCLCQ"
          },
          {
            "d": "OCLCF"
          },
          {
            "d": "OCLCA"
          },
          {
            "d": "OCL"
          },
          {
            "d": "OCLCA"
          },
          {
            "d": "ALMSI"
          },
          {
            "d": "OCLCQ"
          },
          {
            "d": "BDP"
          },
          {
            "d": "CHUNN"
          },
          {
            "d": "OCLCO"
          }
        ]
      }
    },
    {
      "016": {
        "ind1": "7",
        "ind2": "\\",
        "subfields": [
          {
            "a": "001904787"
          },
          {
            "2": "Uk"
          }
        ]
      }
    },
    {
      "019": {
        "ind1": "\\",
        "ind2": "\\",
        "subfields": [
          {
            "a": "1063183562"
          },
          {
            "a": "1202876657"
          },
          {
            "a": "1247983676"
          }
        ]
      }
    },
    {
      "035": {
        "ind1": "\\",
        "ind2": "\\",
        "subfields": [
          {
            "a": "(OCoLC)1068695"
          },
          {
            "z": "(OCoLC)1063183562"
          },
          {
            "z": "(OCoLC)1202876657"
          },
          {
            "z": "(OCoLC)1247983676"
          }
        ]
      }
    },
    {
      "043": {
        "ind1": "\\",
        "ind2": "\\",
        "subfields": [
          {
            "a": "n-us---"
          }
        ]
      }
    },
    {
      "050": {
        "ind1": "0",
        "ind2": "0",
        "subfields": [
          {
            "a": "E744.R65"
          },
          {
            "b": "J6"
          }
        ]
      }
    },
    {
      "055": {
        "ind1": "\\",
        "ind2": "4",
        "subfields": [
          {
            "a": "E744 R62 J68"
          }
        ]
      }
    },
    {
      "082": {
        "ind1": "0",
        "ind2": "0",
        "subfields": [
          {
            "a": "338.76223382092"
          },
          {
            "b": "JOS"
          }
        ]
      }
    },
    {
      "100": {
        "ind1": "1",
        "ind2": "\\",
        "subfields": [
          {
            "a": "Josephson, Emanuel M."
          },
          {
            "q": "(Emanuel Mann),"
          },
          {
            "d": "1895-"
          }
        ]
      }
    },
    {
      "245": {
        "ind1": "1",
        "ind2": "0",
        "subfields": [
          {
            "a": "Rockefeller, \"internationalist\" :"
          },
          {
            "b": "the man who misrules the world /"
          },
          {
            "c": "by Emanuel M. Josephson."
          }
        ]
      }
    },
    {
      "260": {
        "ind1": "\\",
        "ind2": "\\",
        "subfields": [
          {
            "a": "New York :"
          },
          {
            "b": "Chedney Press,"
          },
          {
            "c": "[1952]"
          }
        ]
      }
    },
    {
      "300": {
        "ind1": "\\",
        "ind2": "\\",
        "subfields": [
          {
            "a": "448 pages :"
          },
          {
            "b": "illustrations ;"
          },
          {
            "c": "21 cm"
          }
        ]
      }
    },
    {
      "336": {
        "ind1": "\\",
        "ind2": "\\",
        "subfields": [
          {
            "a": "text"
          },
          {
            "b": "txt"
          },
          {
            "2": "rdacontent"
          }
        ]
      }
    },
    {
      "337": {
        "ind1": "\\",
        "ind2": "\\",
        "subfields": [
          {
            "a": "unmediated"
          },
          {
            "b": "n"
          },
          {
            "2": "rdamedia"
          }
        ]
      }
    },
    {
      "338": {
        "ind1": "\\",
        "ind2": "\\",
        "subfields": [
          {
            "a": "volume"
          },
          {
            "b": "nc"
          },
          {
            "2": "rdacarrier"
          }
        ]
      }
    },
    {
      "340": {
        "ind1": "\\",
        "ind2": "\\",
        "subfields": [
          {
            "m": "8vo."
          },
          {
            "2": "rdabf"
          }
        ]
      }
    },
    {
      "504": {
        "ind1": "\\",
        "ind2": "\\",
        "subfields": [
          {
            "a": "Bibliography : p. 6."
          }
        ]
      }
    },
    {
      "610": {
        "ind1": "2",
        "ind2": "0",
        "subfields": [
          {
            "a": "Rockefeller Foundation."
          }
        ]
      }
    },
    {
      "600": {
        "ind1": "1",
        "ind2": "0",
        "subfields": [
          {
            "a": "Rockefeller, John D."
          },
          {
            "q": "(John Davison),"
          },
          {
            "d": "1839-1937."
          }
        ]
      }
    },
    {
      "600": {
        "ind1": "1",
        "ind2": "0",
        "subfields": [
          {
            "a": "Rockefeller, John D.,"
          },
          {
            "c": "Jr."
          },
          {
            "q": "(John Davison),"
          },
          {
            "d": "1874-1960."
          }
        ]
      }
    },
    {
      "600": {
        "ind1": "3",
        "ind2": "0",
        "subfields": [
          {
            "a": "Rockefeller family."
          }
        ]
      }
    },
    {
      "600": {
        "ind1": "3",
        "ind2": "7",
        "subfields": [
          {
            "a": "Rockefeller family."
          },
          {
            "2": "fast"
          },
          {
            "0": "(OCoLC)fst00214542"
          }
        ]
      }
    },
    {
      "600": {
        "ind1": "1",
        "ind2": "7",
        "subfields": [
          {
            "a": "Rockefeller, John D."
          },
          {
            "q": "(John Davison),"
          },
          {
            "d": "1839-1937."
          },
          {
            "2": "fast"
          },
          {
            "0": "(OCoLC)fst00041401"
          }
        ]
      }
    },
    {
      "600": {
        "ind1": "1",
        "ind2": "7",
        "subfields": [
          {
            "a": "Rockefeller, John D.,"
          },
          {
            "c": "Jr."
          },
          {
            "q": "(John Davison),"
          },
          {
            "d": "1874-1960."
          },
          {
            "2": "fast"
          },
          {
            "0": "(OCoLC)fst01844404"
          }
        ]
      }
    },
    {
      "610": {
        "ind1": "2",
        "ind2": "7",
        "subfields": [
          {
            "a": "Rockefeller Foundation."
          },
          {
            "2": "fast"
          },
          {
            "0": "(OCoLC)fst00528303"
          }
        ]
      }
    },
    {
      "651": {
        "ind1": "\\",
        "ind2": "0",
        "subfields": [
          {
            "a": "United States"
          },
          {
            "x": "Foreign relations"
          },
          {
            "y": "20th century."
          }
        ]
      }
    },
    {
      "650": {
        "ind1": "\\",
        "ind2": "7",
        "subfields": [
          {
            "a": "Diplomatic relations."
          },
          {
            "2": "fast"
          },
          {
            "0": "(OCoLC)fst01907412"
          }
        ]
      }
    },
    {
      "651": {
        "ind1": "\\",
        "ind2": "7",
        "subfields": [
          {
            "a": "United States."
          },
          {
            "2": "fast"
          },
          {
            "0": "(OCoLC)fst01204155"
          }
        ]
      }
    },
    {
      "648": {
        "ind1": "\\",
        "ind2": "7",
        "subfields": [
          {
            "a": "1900-1999"
          },
          {
            "2": "fast"
          }
        ]
      }
    },
    {
      "776": {
        "ind1": "0",
        "ind2": "8",
        "subfields": [
          {
            "i": "Online version:"
          },
          {
            "a": "Josephson, Emanuel M. (Emanuel Mann), 1895-"
          },
          {
            "t": "Rockefeller, \"internationalist,\""
          },
          {
            "d": "New York, Chedney Press [1952]"
          },
          {
            "w": "(OCoLC)1011688299"
          }
        ]
      }
    },
    {
      "994": {
        "ind1": "\\",
        "ind2": "\\",
        "subfields": [
          {
            "a": "Z0"
          },
          {
            "b": "NYRVC"
          }
        ]
      }
    },
    {
      "948": {
        "ind1": "\\",
        "ind2": "\\",
        "subfields": [
          {
            "h": "NO HOLDINGS IN NYRVC - 137 OTHER HOLDINGS"
          }
        ]
      }
    },
    {
      "999": {
        "ind1": "\\",
        "ind2": "\\",
        "subfields": [
          {
            "a": "00000000014477"
          }
        ]
      }
    },
    {
      "999": {
        "ind1": "\\",
        "ind2": "\\",
        "subfields": [
          {
            "a": "00000000014468"
          }
        ]
      }
    }
  ]
}